% Encoding: UTF-8

@article{10.2307/2408678,
author = {Felsenstein, Joseph},
doi = {https://doi.org/10.1111/j.1558-5646.1985.tb00420.x},
issn = {00143820, 15585646},
journal = {Evolution},
mendeley-groups = {ChuyenDe},
number = {4},
pages = {783--791},
publisher = {Society for the Study of Evolution, Wiley},
title = {{Confidence limits on phylogenies : an approach using the bootstrap}},
volume = {39},
year = {1985}
}


@article{Hoang2018,
author = {Hoang, Diep Thi and Le, Sy Vinh and Flouri, Tom{\'{a}}{\v{s}} and Stamatakis, Alexandros and von Haeseler, Arndt and Minh, Bui Quang},
doi = {https://doi.org/10.1186/s12862-018-1131-3},
issn = {1471-2148},
journal = {BMC Evolutionary Biology},
month = {2},
number = {1},
pages = {11},
title = {{MPBoot: fast phylogenetic maximum parsimony tree inference and bootstrap approximation}},
volume = {18},
year = {2018}
}


